<?xml version="1.0" encoding="UTF-8"?><collection xmlns="http://www.loc.gov/MARC21/slim"><record><leader>00575nam--2200181-u-4500</leader><controlfield tag="001">000053286</controlfield><controlfield tag="002">20161230</controlfield><controlfield tag="005">20161230201051</controlfield><controlfield tag="008">110119s1000------------r-----000-0-fre-d</controlfield><datafield ind1=" " ind2=" " tag="040"><subfield code="a">IFIN-HH</subfield></datafield><datafield ind1=" " ind2=" " tag="041"><subfield code="a">fre</subfield></datafield><datafield ind1=" " ind2=" " tag="080"><subfield code="a">015:534.8:681.8</subfield></datafield><datafield ind1="1" ind2=" " tag="100"><subfield code="a">Paille, Jean</subfield></datafield><datafield ind1="1" ind2="0" tag="245"><subfield code="a">Contribution aux etudes sur la synthese parametrique de la parole synthetiseur a formants analogue de la source vocale</subfield><subfield code="b">These</subfield><subfield code="c">Jean paille</subfield></datafield><datafield ind1=" " ind2=" " tag="260"><subfield code="a">Grenoble</subfield><subfield code="b">Universite Scientifique Et Medicale De Grenoble</subfield><subfield code="c">1971</subfield></datafield><datafield ind1=" " ind2=" " tag="300"><subfield code="a">155P</subfield></datafield><datafield ind1=" " ind2=" " tag="852"><subfield code="a">38078</subfield><subfield code="c">534</subfield></datafield><datafield ind1=" " ind2=" " tag="CAT"><subfield code="a">Sys</subfield><subfield code="c">20110119</subfield><subfield code="h">123133</subfield></datafield></record></collection>